<record><leader>00000cas a2200000 a 4500</leader><controlfield tag="001">9890252</controlfield><controlfield tag="008">830909c18549999nyuwr ne      0    0eng c</controlfield><datafield ind1=" " ind2=" " tag="010"><subfield code="a">sn 83031502 </subfield></datafield><datafield ind1=" " ind2=" " tag="040"><subfield code="a">NPU</subfield><subfield code="b">eng</subfield><subfield code="c">NPU</subfield><subfield code="d">NPX</subfield><subfield code="d">NPA</subfield><subfield code="d">NYG</subfield><subfield code="d">NYS</subfield><subfield code="d">YOX</subfield><subfield code="d">NYS</subfield><subfield code="d">NYG</subfield><subfield code="d">NYS</subfield><subfield code="d">OCL</subfield><subfield code="d">NYS</subfield><subfield code="d">NYG</subfield><subfield code="d">KRTAS</subfield><subfield code="d">OCLCQ</subfield><subfield code="d">OCLCF</subfield><subfield code="d">OCLCO</subfield></datafield><datafield ind1="1" ind2=" " tag="029"><subfield code="a">AU@</subfield><subfield code="b">000020227238</subfield></datafield><datafield ind1=" " ind2=" " tag="032"><subfield code="a">095260</subfield><subfield code="b">USPS</subfield></datafield><datafield ind1=" " ind2=" " tag="037"><subfield code="b">72 Albany St., PO Box 301, Cazenovia, NY 13035</subfield></datafield><datafield ind1=" " ind2=" " tag="042"><subfield code="a">pcc</subfield></datafield><datafield ind1=" " ind2=" " tag="043"><subfield code="a">n-us-ny</subfield></datafield><datafield ind1="0" ind2="0" tag="245"><subfield code="a">Cazenovia Republican.</subfield></datafield><datafield ind1="1" ind2=" " tag="246"><subfield code="i">Second section:</subfield><subfield code="a">Madison scene</subfield><subfield code="f">&lt;1998&gt;</subfield></datafield><datafield ind1=" " ind2=" " tag="260"><subfield code="a">Cazenovia, Madison County, N.Y. :</subfield><subfield code="b">Lake &amp; Phillips,</subfield><subfield code="c">1854-</subfield></datafield><datafield ind1=" " ind2=" " tag="300"><subfield code="a">v. :</subfield><subfield code="b">ill. (some col.) ;</subfield><subfield code="c">44-57 cm.</subfield></datafield><datafield ind1=" " ind2=" " tag="310"><subfield code="a">Weekly</subfield></datafield><datafield ind1="0" ind2=" " tag="362"><subfield code="a">Vol. 1, no. 1 (May 3, 1854)-</subfield></datafield><datafield ind1=" " ind2=" " tag="500"><subfield code="a">Publishers: Lake &amp; Phillips, 1854; Seneca Lake, 1854-1862; Crandall Brothers, 1862-Mar. 11, 1863; Francis A. Crandall, Mar. 18, 1863-Oct. 7, 1863; E. Bowen Crandall, Oct. 14, 1863-Sept. 14, 1864; Irving C. Forte, Sept. 21, 1864-&lt;1875&gt;; Forte Brothers, &lt;1867&gt;; Irwin A. Forte, &lt;1870&gt;-1871; E.B. Crandall, 1872-May 17, 1877; Fred M. Taylor, May 24, 1877-1889; G.H. Witherhead, 1889-1890; J.A. Loyster, 1890-1903; F.M. Elliott, 1903-1911; E.A. Peck and J.C. Peck, 1911-&lt;1919&gt;; J.C. Peck, &lt;1917-1952&gt;; Lowe Pub. Co., Inc., &lt;1955-1965&gt;; Cazenovia Pub. Corp., &lt;1967&gt;-1981; T. Elmer Bogardus, George C. Wortley, III, 1982- ; Eagle Newspapers, &lt;1998&gt;.</subfield></datafield><datafield ind1=" " ind2=" " tag="500"><subfield code="a">"Republican."</subfield></datafield><datafield ind1=" " ind2=" " tag="500"><subfield code="a">Editor: E.B. Crandall, &lt;1876&gt;.</subfield></datafield><datafield ind1=" " ind2=" " tag="530"><subfield code="a">Also issued on microfilm from the New York Public Library, 1857-1882, and the New York State Library, 1854-2004.</subfield></datafield><datafield ind1=" " ind2=" " tag="588"><subfield code="a">Latest issue consulted: Vol. 192, no. 23 (June 10-16, 1998).</subfield></datafield><datafield ind1=" " ind2="0" tag="651"><subfield code="a">Cazenovia (N.Y.)</subfield><subfield code="v">Newspapers.</subfield></datafield><datafield ind1=" " ind2="0" tag="651"><subfield code="a">Madison County (N.Y.)</subfield><subfield code="v">Newspapers.</subfield></datafield><datafield ind1=" " ind2="7" tag="655"><subfield code="a">Newspapers.</subfield><subfield code="2">fast</subfield><subfield code="0">(OCoLC)fst01423814</subfield></datafield><datafield ind1=" " ind2="7" tag="651"><subfield code="a">New York (State)</subfield><subfield code="z">Cazenovia.</subfield><subfield code="2">fast</subfield><subfield code="0">(OCoLC)fst01222204</subfield></datafield><datafield ind1=" " ind2="7" tag="651"><subfield code="a">New York (State)</subfield><subfield code="z">Madison County.</subfield><subfield code="2">fast</subfield><subfield code="0">(OCoLC)fst01209190</subfield></datafield><datafield ind1=" " ind2=" " tag="752"><subfield code="a">United States</subfield><subfield code="b">New York</subfield><subfield code="c">Madison</subfield><subfield code="d">Cazenovia.</subfield></datafield><datafield ind1="1" ind2=" " tag="776"><subfield code="c">Microfilm</subfield><subfield code="d">New York Public Library</subfield><subfield code="w">(DLC)sn 94084849</subfield><subfield code="w">(OCoLC)32371520</subfield></datafield><datafield ind1=" " ind2=" " tag="938"><subfield code="a">Kirtas Technologies, Inc.</subfield><subfield code="b">KRTS</subfield><subfield code="n">737429</subfield></datafield></record>